<?xml version="1.0" encoding="UTF-8"?><record xmlns="http://www.loc.gov/MARC21/slim" xmlns:cinclude="http://apache.org/cocoon/include/1.0" xmlns:zs="http://www.loc.gov/zing/srw/">
  <leader>01269nz  a2200253n  4500</leader>
  <controlfield tag="001">no2015099131</controlfield>
  <controlfield tag="003">DLC</controlfield>
  <controlfield tag="005">20150729073559.0</controlfield>
  <controlfield tag="008">150728n| azannaabn          |a aaa     c</controlfield>
  <datafield tag="010" ind1=" " ind2=" ">
    <subfield code="a">no2015099131</subfield>
  </datafield>
  <datafield tag="035" ind1=" " ind2=" ">
    <subfield code="a">(OCoLC)oca10229218</subfield>
  </datafield>
  <datafield tag="040" ind1=" " ind2=" ">
    <subfield code="a">MWA</subfield>
    <subfield code="b">eng</subfield>
    <subfield code="e">rda</subfield>
    <subfield code="c">MWA</subfield>
  </datafield>
  <datafield tag="046" ind1=" " ind2=" ">
    <subfield code="f">17541023</subfield>
    <subfield code="g">18320201</subfield>
  </datafield>
  <datafield tag="100" ind1="1" ind2=" ">
    <subfield code="a">Wilbour, Nathaniel,</subfield>
    <subfield code="d">1754-1832</subfield>
  </datafield>
  <datafield tag="370" ind1=" " ind2=" ">
    <subfield code="a">Raynham (Mass. : Town)</subfield>
    <subfield code="b">Westmoreland (N.H.)</subfield>
  </datafield>
  <datafield tag="374" ind1=" " ind2=" ">
    <subfield code="a">Clergy</subfield>
    <subfield code="2">itoamc</subfield>
  </datafield>
  <datafield tag="375" ind1=" " ind2=" ">
    <subfield code="a">male</subfield>
  </datafield>
  <datafield tag="377" ind1=" " ind2=" ">
    <subfield code="a">eng</subfield>
  </datafield>
  <datafield tag="400" ind1="1" ind2=" ">
    <subfield code="a">Wilbore, Nathaniel,</subfield>
    <subfield code="d">1754-1832</subfield>
  </datafield>
  <datafield tag="400" ind1="1" ind2=" ">
    <subfield code="a">Wilbore, Nathl.</subfield>
    <subfield code="q">(Nathaniel),</subfield>
    <subfield code="d">1754-1832</subfield>
  </datafield>
  <datafield tag="670" ind1=" " ind2=" ">
    <subfield code="a">A view of the Democratick Republican celebration at Westmoreland, N.H., 1813:</subfield>
    <subfield code="b">t.p. (Rev. Nathaniel Wilbour)</subfield>
  </datafield>
  <datafield tag="670" ind1=" " ind2=" ">
    <subfield code="a">American Ancestors, via WWW, July 28, 2015:</subfield>
    <subfield code="b">Mass. Vital Records to 1850 (Nathaniel Wilbore; Raynham, Mass., Oct. 23, 1854, son of Joseph and Susannah)</subfield>
  </datafield>
  <datafield tag="670" ind1=" " ind2=" ">
    <subfield code="a">Rootsweb, via WWW, July 2, 2015</subfield>
    <subfield code="b">(Rev. Nathaniel Wilbore; son of Joseph Wilbore and Susanna Leonard; b. 23 Oct. 1754 in Raynham, Mass.; d. 1 Feb. 1832 in Westmoreland, N.H.)</subfield>
  </datafield>
  <datafield tag="670" ind1=" " ind2=" ">
    <subfield code="a">Ancestry, via WWW, July 2, 2015:</subfield>
    <subfield code="b">Find a grave index (Rev. Nathaniel L. Wilbore [transcription]; stone reads: Nathl. Wilbore; d. 1 Feb. 1832; buried in Chaffee Cemetery, Westmoreland, Cheshire Co., N.H.)</subfield>
  </datafield>
</record>